75600000         20574398500016989001               0443700000000045543 D A  BAILEY JUNIOR            BANCO COOPERATIVO DO BRASIL SA          11706201716242000000108100000                                                                     
75600011R01  040 200574398500016989001               0443700000000045543 D A  BAILEY JUNIOR                                                                                            000000011706201700000000                                 
7560001300001P 010443700000000045543 000000001201014     10 221              0501201700000000002360000000 99N030120172060120170000000000001002050120170000000000005000000000000000000000000000000001                        3000   090000000000 
7560001300002Q 011000040329543765JOSE MELO REGO                          AV ALFA QUADRA 15 CASA 29               PARQUE ATHENAS 65073300SAO LUIS       MA0000000000000000                                        000                            
7560001300003R 01000000000000000000000000000000000000000000000000206012017000000000000200                                                                                                              0000000000000000 000000000000  0         
7560001300004S 013MENSAGEM 01                             MENSAGEM 02                             MENSAGEM 03                             MENSAGEM 04                             MENSAGEM 05                                                   
7560001300005P 010443700000000045543 000203799001014     10 220203799        1501201700000000002340000000 99N030120172160120170000000000001002150120170000000000005000000000000000000000000000000002                        3000   090000000000 
7560001300006Q 011000040329543766ANTONIO DA PA VIRADA                    RUA SOUSA LIMA 36                       PLANALTO DA PIP65073300SAO LUIS       MA0000000000000000                                        000                            
7560001300007R 01000000000000000000000000000000000000000000000000216012017000000000000200                                                                                                              0000000000000000 000000000000  0         
7560001300008S 013MENSAGEM 01                             MENSAGEM 02                             MENSAGEM 03                             MENSAGEM 04                             MENSAGEM 05                                                   
7560001300009P 010443700000000045543 000020380401014     10 22020380         1801201700000000002370000000 99N030120172190120170000000000001002180120170000000000005000000000000000000000000000000000                        3000   090000000000 
7560001300010Q 011000040329543766ASTROGILDA NEVES DA COSTA REIS          RUA DAS MANGABEIRAS, 987                RECANTO DOS NOB65073300SAO LUIS       MA0000000000000000                                        000                            
7560001300011R 01000000000000000000000000000000000000000000000000219012017000000000000200                                                                                                              0000000000000000 000000000000  0         
7560001300012S 013MENSAGEM 01                             MENSAGEM 02                             MENSAGEM 03                             MENSAGEM 04                             MENSAGEM 05                                                   
75600015         00001400000300000000000070700000000000000000000000000000000000000000000000000000000000000000000000                                                                                                                             
75699999         000001000016000000                                                                                                                                                                                                             
