23700000         211837654000208000000000000077785492345500000000102400 EMPRESA DEMONSTRACAO LTDA     BRADESCO SA                             11706201716085300000108400000                                                                     
23700011R01  042 2011837654000208000000000000077785492345500000000102400 EMPRESA DEMONSTRACAO LTDA                                                                                     000000011706201700000000                                 
2370001300001P 01234550000000010240 0009000000000003224421122032244          0501201700000000003250000000099N0301201720601201700000000000010020501201700000000000050000000000000000000000000000000032244                    3001090090000000000 
2370001300002Q 011000040329542389JOSE SILVA SOUSA SANTOS MELO            RUA DO ABACATEIRO, 456                  CENTRO         65073300SAO LUIS       MA0000000000000000                                                                       
2370001300003R 01000000000000000000000000000000000000000000000000206012017000000000000200                                                                                                              00000000237234550000000010240002         
23700015         00000500000100000000000032500000000000000000000000000000000000000000000000000000000000000000000000                                                                                                                             
23799999         000001000007000000                                                                                                                                                                                                             