08500000         215689625000184101071              0010150000008229821 EDIFICIO MONTE ALEGRE         CECRED                                  10511201517175400019508700000                                                                     
08500011R01  045 2015689625000184101071              0010150000008229821 EDIFICIO MONTE ALEGRE                                                                                         000001950511201500000000                                 
0850001300001P 010010150000008229821 08229821000160210   101220000000001602100611201500000000000050000101502N05112015300000000000000000000000000000000000000000000000000000000000000000000000000000                         3002   090000000000 
0850001300002Q 011000071007180749ALDENOR SANTIAGO CARDOSO                RUA SANTA QUITERIA 180 AP. 203          ITOUPAVA NORTE 89053030BLUMENAU       SC0000000000000000                                        000                            
0850001300003R 01000000000000000000000000000000000000000000000000207112015000000000000200                                                                                                              0000000000000000 000000000000  0         
0850001300004P 010010150000008229821 08229821000160211   101220000000001602110611201500000000000050000101502N05112015300000000000000000000000000000000000000000000000000000000000000000000000000000                         3002   090000000000 
0850001300005Q 011000002256633926JULIO CESAR BANDEIRA                    RUA SANTA QUITERIA 180 AP.406           ITOUPAVA NORTE 89053030BLUMENAU       SC0000000000000000                                        000                            
0850001300006R 01000000000000000000000000000000000000000000000000207112015000000000000200                                                                                                              0000000000000000 000000000000  0         
08500015         00000800000600000000000001000000000000000000000000000000000000000000000000000000000000000000000000                                                                                                                             
08599999         000001000010000000                                                                                                                                                                                                             
