34100000         216594259000289                    04534 000000020297 5EMPRESA DEMO LTDA             BANCO ITAU SA                           11706201716124500004404000000                                                      000            
34100011R0100030 2016594259000289                    04534 000000020297 5EMPRESA DEMO LTDA                                                                                             000000441706201706012017                                 
3410001300001P 0104534 000000020297 5109003222265        000000000000003     2507201700000000003500000000099N2905201702607201700000000000010002507201700000000001324500000000000000000000000000000000000000000000000000000033001550000000000000 
3410001300002Q 011000040329542334RONYCLEIDSON SOUSA SANTOS               RUA SAO JOSE 38                         CENTRO         65073300SAO LUIS       MA0000000000000000                                        000                            
3410001300003R 01000000000000000000000000000000000000000000000000126072017000000000000200                                                                                                              0000000000000000 000000000000  0         
34100015         0000050000010000000000003500000000000000000000000000000000000000000000000000000000000000000000000000000000                                                                                                                     
34199999         000001000007000000                                                                                                                                                                                                             
