03300000        2005743985000169000000000012345                         D A  BAILEY JUNIOR            BANCO SANTANDER                         117062017      000001040                                                                          
03300011R01  030 2005743985000169                    000000000012345     D A  BAILEY JUNIOR                                                                                            0000000117062017                                         
0330001300001P 014437000000455431234567890  0000000000019511  1              0501201700000000002360000000 02N030120172060120170000000000001002050120170000000000005000000000000000000000000000000001                        000109000           
0330001300002Q 011000040329543765JOSE MELO REGO                          AV ALFA QUADRA 15 CASA 29               PARQUE ATHENAS 65073300SAO LUIS       MA0000000000000000                                        000000000000                   
0330001300003R 01000000000000000000000000                        206012017000000000000200                                                                                                                                                       
0330001300004S 012MENSAGEM 01                             MENSAGEM 02                             MENSAGEM 03                             MENSAGEM 04                             MENSAGEM 05                                                   
0330001300005P 014437000000455431234567890  0000002037998511  0203799        1501201700000000002340000000 02N030120172160120170000000000001002150120170000000000005000000000000000000000000000000002                        000109000           
0330001300006Q 011000040329543766ANTONIO DA PA VIRADA                    RUA SOUSA LIMA 36                       PLANALTO DA PIP65073300SAO LUIS       MA0000000000000000                                        000000000000                   
0330001300007R 01000000000000000000000000                        216012017000000000000200                                                                                                                                                       
0330001300008S 012MENSAGEM 01                             MENSAGEM 02                             MENSAGEM 03                             MENSAGEM 04                             MENSAGEM 05                                                   
0330001300009P 014437000000455431234567890  0000000203807511  020380         1801201700000000002370000000 02N030120172190120170000000000001002180120170000000000005000000000000000000000000000000000                        000109000           
0330001300010Q 011000040329543766ASTROGILDA NEVES DA COSTA REIS          RUA DAS MANGABEIRAS, 987                RECANTO DOS NOB65073300SAO LUIS       MA0000000000000000                                        000000000000                   
0330001300011R 01000000000000000000000000                        219012017000000000000200                                                                                                                                                       
0330001300012S 012MENSAGEM 01                             MENSAGEM 02                             MENSAGEM 03                             MENSAGEM 04                             MENSAGEM 05                                                   
03300015         000014                                                                                                                                                                                                                         
03399999         000001000016                                                                                                                                                                                                                   
