01REMESSA01COBRANCA       255400234567        EMPRESA DEMO                  341ITAU SA        170617                                                                                                                                                                                                                                                                                                      000001
10212345569000155255400234567                                 000322440000000000000009                     I0132244     05021700000000758973410000099N201216917000000000002000502170000000000500000000000000000000000000000100040329542322ROBERTO DOS SANTOS SOUSA MELO           RUA CEARA 678                           CENTRO      00065072SAO LUIS       MA                                  06021745 000002
9                                                                                                                                                                                                                                                                                                                                                                                                         000003
