00100000         205743985000179000000078001414019  006453000000028243                                BANCO DO BRASIL SA                      11706201715501100000108400000                                                                     
00100011R01  043 2005743985000179000000078001414019  006453000000028243                                                                                                                000000011706201700000000                                 
0010001300001P 01006453000000028243  000007824430        7022224430          0502201700000000003500000000302N0301201720602201700000000000003420502201700000000000050000000000000000000000000000000024430                    3001090090000000000 
0010001300002Q 011000040329542330JOSE MELO REGO                          RUA ABCDEF, 45                          CENTRO         65073300SAO LUIS       MA0000000000000000                                        000                            
0010001300003R 01000000000000000000000000000000000000000000000000206022017000000000000200                                                                                                              0000000000000000 000000000000  0         
00100015         00000500000100000000000035000000000000000000000000000000000000000000000000000000000000000000000000                                                                                                                             
00199999         000001000007000000                                                                                                                                                                                                             