10400000         2057439850001790000000000000000000000645300007800000000D A MARLEY JUNIOR             CAIXA ECONOMICA FEDERAL                 11706201716181000000105000000                    REMESSA-PRODUCAO                                 
10400011R0100030 20057439850001790000780000000000000000645300007800000000D A MARLEY JUNIOR                                                                                             000000011706201700000000                                 
1040001300001P 01006453000078000000000001400000000032222611220322226         0502201700000000003500000000099N03012017206022017000000000000034205022017000000000000500000000000000000000000000000000322226                   3001030090000000000 
1040001300002Q 011000040329542330JOSE MELO REGO                          RUA ABCDEF, 45                          CENTRO         65073300SAO LUIS       MA0000000000000000                                                                       
1040001300003R 01000000000000000000000000000000000000000000000000206022017000000000000200                                                                                                                                                       
10400015         000005000001000000000000350000000000000000000000000000000000000000000000000                                                                                                                                                    
10499999         000001000007                                                                                                                                                                                                                   