01REMESSA01COBRANCA       00000000000004771031JOSISVANIO SERVICOS DE INFORMA237BRADESCO       170617        MX0000001                                                                                                                                                                                                                                                                                     000001
1                   0009030160148160200000000000000000091109100002020000000667598300000000002N           2  01000911091010061700000000450000000000012N170517000000000000000030000000000000000000000000000000000000000000000100036034320534JOSEILTON SANTOS DA PAIXAO              RUA CEARA 678                                       65072300                                                            000002
1                   0009030160148160200000000000000000005124170002020000008011353900000000002N           2  01000051241710061700000000400000000000012N170517000000000000000030000000000000000000000000000000000000000000000100036034320534JOSEILTON SANTOS DA PAIXAO              RUA CEARA 678                                       65072300                                                            000003
9                                                                                                                                                                                                                                                                                                                                                                                                         000004
